<record><leader>00000cas a2200000 a 4500</leader><controlfield tag="001">5871627</controlfield><controlfield tag="007">hd afu---baca</controlfield><controlfield tag="008">800114d19321995txudr ne      0   a0eng c</controlfield><datafield ind1=" " ind2=" " tag="010"><subfield code="a">sn 84024145 </subfield></datafield><datafield ind1=" " ind2=" " tag="040"><subfield code="a">LDL</subfield><subfield code="b">eng</subfield><subfield code="c">LDL</subfield><subfield code="d">MUL</subfield><subfield code="d">NPV</subfield><subfield code="d">NPA</subfield><subfield code="d">DLC</subfield><subfield code="d">YOX</subfield><subfield code="d">KNP</subfield><subfield code="d">MFN</subfield><subfield code="d">NSD</subfield><subfield code="d">KNP</subfield><subfield code="d">NSD</subfield><subfield code="d">KNP</subfield><subfield code="d">PPM</subfield><subfield code="d">OBN</subfield><subfield code="d">NVF</subfield><subfield code="d">CVF</subfield><subfield code="d">OCLCQ</subfield><subfield code="d">DLC</subfield><subfield code="d">OCLCQ</subfield><subfield code="d">OCLCF</subfield><subfield code="d">OCLCO</subfield><subfield code="d">CRL</subfield></datafield><datafield ind1=" " ind2=" " tag="012"><subfield code="m">1</subfield></datafield><datafield ind1=" " ind2=" " tag="019"><subfield code="a">173865316</subfield></datafield><datafield ind1="1" ind2=" " tag="022"><subfield code="a">1060-3484</subfield><subfield code="l">1060-3484</subfield><subfield code="2">1</subfield></datafield><datafield ind1="1" ind2=" " tag="029"><subfield code="a">AU@</subfield><subfield code="b">000020333331</subfield></datafield><datafield ind1=" " ind2=" " tag="032"><subfield code="a">252820</subfield><subfield code="b">USPS</subfield></datafield><datafield ind1=" " ind2=" " tag="042"><subfield code="a">pcc</subfield><subfield code="a">nsdp</subfield></datafield><datafield ind1=" " ind2=" " tag="043"><subfield code="a">n-us-tx</subfield></datafield><datafield ind1="0" ind2="0" tag="050"><subfield code="a">Newspaper</subfield></datafield><datafield ind1="0" ind2="4" tag="082"><subfield code="a">071.64141</subfield><subfield code="2">19</subfield></datafield><datafield ind1="0" ind2=" " tag="130"><subfield code="a">Houston post (Houston, Tex. : 1932)</subfield></datafield><datafield ind1=" " ind2="0" tag="222"><subfield code="a">Houston post</subfield><subfield code="b">(1932)</subfield></datafield><datafield ind1="1" ind2="4" tag="245"><subfield code="a">The Houston post.</subfield></datafield><datafield ind1=" " ind2=" " tag="260"><subfield code="a">Houston, Tex. :</subfield><subfield code="b">Houston Print. Co.,</subfield><subfield code="c">1932-1995.</subfield></datafield><datafield ind1=" " ind2=" " tag="300"><subfield code="a">volumes :</subfield><subfield code="b">illustrations</subfield></datafield><datafield ind1=" " ind2=" " tag="310"><subfield code="a">Daily</subfield></datafield><datafield ind1=" " ind2=" " tag="336"><subfield code="a">text</subfield><subfield code="b">txt</subfield><subfield code="2">rdacontent</subfield></datafield><datafield ind1=" " ind2=" " tag="337"><subfield code="a">unmediated</subfield><subfield code="b">n</subfield><subfield code="2">rdamedia</subfield></datafield><datafield ind1=" " ind2=" " tag="338"><subfield code="a">volume</subfield><subfield code="b">nc</subfield><subfield code="2">rdacarrier</subfield></datafield><datafield ind1="0" ind2=" " tag="362"><subfield code="a">Vol. 47, no. 303 (Feb. 1, 1932)-111th year, no. 14 (Apr. 18, 1995).</subfield></datafield><datafield ind1=" " ind2=" " tag="530"><subfield code="a">Available on microfilm from the University Microfilms International, and the Library of Congress, Photoduplication Service.</subfield></datafield><datafield ind1=" " ind2="0" tag="651"><subfield code="a">Houston (Tex.)</subfield><subfield code="v">Newspapers.</subfield></datafield><datafield ind1=" " ind2="0" tag="651"><subfield code="a">Harris County (Tex.)</subfield><subfield code="v">Newspapers.</subfield></datafield><datafield ind1=" " ind2="7" tag="651"><subfield code="a">Texas</subfield><subfield code="z">Harris County.</subfield><subfield code="2">fast</subfield><subfield code="0">(OCoLC)fst01213346</subfield></datafield><datafield ind1=" " ind2="7" tag="651"><subfield code="a">Texas</subfield><subfield code="z">Houston.</subfield><subfield code="2">fast</subfield><subfield code="0">(OCoLC)fst01205077</subfield></datafield><datafield ind1=" " ind2="7" tag="655"><subfield code="a">Newspapers.</subfield><subfield code="2">fast</subfield><subfield code="0">(OCoLC)fst01423814</subfield></datafield><datafield ind1=" " ind2=" " tag="752"><subfield code="a">United States</subfield><subfield code="b">Texas</subfield><subfield code="c">Harris</subfield><subfield code="d">Houston.</subfield></datafield><datafield ind1="0" ind2="0" tag="780"><subfield code="t">Houston post-dispatch</subfield><subfield code="w">(DLC)sn 84024146</subfield><subfield code="w">(OCoLC)10566538</subfield></datafield><datafield ind1="1" ind2=" " tag="787"><subfield code="t">Bell &amp; Howell's newspaper index. Houston post</subfield><subfield code="w">(DLC)   85644703</subfield><subfield code="w">(OCoLC)5537592</subfield></datafield><datafield ind1="1" ind2=" " tag="787"><subfield code="t">Bell &amp; Howell newspaper index to the Houston post</subfield><subfield code="w">(DLC)   85644694</subfield><subfield code="w">(OCoLC)7993695</subfield></datafield></record>